%% This BibTeX bibliography file was created using BibDesk.
%% https://bibdesk.sourceforge.io/

%% Created for Petr Zakopal at 2023-04-07 10:10:55 +0200 


%% Saved with string encoding Unicode (UTF-8) 

